<record><leader>00000cas a22000007a 4500</leader><controlfield tag="001">9994019</controlfield><controlfield tag="008">831008d18331835ohuwr ne      0    0eng d</controlfield><controlfield tag="009">3783</controlfield><datafield ind1=" " ind2=" " tag="010"><subfield code="a">sn 83035483 </subfield></datafield><datafield ind1=" " ind2=" " tag="040"><subfield code="a">NPY</subfield><subfield code="b">eng</subfield><subfield code="c">NPY</subfield><subfield code="d">NPX</subfield><subfield code="d">DLC</subfield><subfield code="d">ONP</subfield></datafield><datafield ind1="1" ind2=" " tag="029"><subfield code="a">AU@</subfield><subfield code="b">000025784633</subfield></datafield><datafield ind1=" " ind2=" " tag="042"><subfield code="a">msc</subfield></datafield><datafield ind1="0" ind2="4" tag="245"><subfield code="a">The New-Lisbon Aurora.</subfield></datafield><datafield ind1="1" ind2="0" tag="246"><subfield code="a">New Lisbon Aurora</subfield></datafield><datafield ind1="1" ind2="3" tag="246"><subfield code="a">Aurora</subfield></datafield><datafield ind1=" " ind2=" " tag="260"><subfield code="a">New-Lisbon, Ohio :</subfield><subfield code="b">John Frost,</subfield><subfield code="c">1833-1835.</subfield></datafield><datafield ind1=" " ind2=" " tag="300"><subfield code="a">v.</subfield></datafield><datafield ind1=" " ind2=" " tag="310"><subfield code="a">Weekly</subfield></datafield><datafield ind1="0" ind2=" " tag="362"><subfield code="a">Vol. 2, no. 88 (Nov. 28, 1833)-v. 3, no. 52 (Mar. 19, 1835).</subfield></datafield><datafield ind1=" " ind2=" " tag="500"><subfield code="a">"Abolitionist; temperance; anti-Masonic."</subfield></datafield><datafield ind1="1" ind2=" " tag="700"><subfield code="a">Frost, John,</subfield><subfield code="d">1806-1885.</subfield></datafield><datafield ind1=" " ind2=" " tag="752"><subfield code="a">United States</subfield><subfield code="b">Ohio</subfield><subfield code="c">Columbiana</subfield><subfield code="d">Lisbon.</subfield></datafield><datafield ind1=" " ind2=" " tag="752"><subfield code="a">United States</subfield><subfield code="b">Ohio</subfield><subfield code="c">Columbiana</subfield><subfield code="d">New Lisbon.</subfield></datafield><datafield ind1="0" ind2="0" tag="780"><subfield code="t">Aurora (New Lisbon, Ohio : 1832)</subfield><subfield code="w">(DLC)sn 83035482</subfield></datafield><datafield ind1="0" ind2="0" tag="785"><subfield code="t">Aurora (New Lisbon, Ohio : 1835)</subfield><subfield code="w">(DLC)sn 83035484</subfield></datafield></record>